@book{sze_ng_2006,
  author = {S. M. Sze and Kwok K. Ng},
  title = {Physics of Semiconductor Devices},
  edition = {3},
  year = {2006},
  publisher = {Wiley}
}

@book{datta2005quantum,
  author = {Supriyo Datta},
  title = {Quantum Transport: Atom to Transistor},
  year = {2005},
  publisher = {Cambridge University Press}
}

@misc{irds2024,
  title = {International Roadmap for Devices and Systems (IRDS) 2024},
  howpublished = {\url{https://irds.ieee.org/}},
  year = {2024},
  note = {Accessed 2025-10-20}
}

@book{colinge2008multiple,
  author = {Jean-Pierre Colinge},
  title = {FinFETs and Other Multi-Gate Transistors},
  year = {2008},
  publisher = {Springer}
}

@article{delalamo2011nature,
  author = {Jes{\'u}s A. del Alamo},
  title = {Nanometre-scale electronics with III--V compound semiconductors},
  journal = {Nature},
  volume = {479},
  pages = {317--323},
  year = {2011}
}

@article{wang2012tmd,
  author = {Q. H. Wang and K. Kalantar-Zadeh and A. Kis and J. N. Coleman and M. S. Strano},
  title = {Electronics and optoelectronics of two-dimensional transition metal dichalcogenides},
  journal = {Nature Nanotechnology},
  volume = {7},
  pages = {699--712},
  year = {2012}
}

@article{akinwande2019review,
  author = {Deji Akinwande and Cheng Gong and Yuanzhi Lee and others},
  title = {Graphene and two-dimensional materials for silicon microelectronics},
  journal = {Nature},
  volume = {573},
  pages = {507--518},
  year = {2019}
}

@article{higashiwaki2018gallium,
  author = {Masataka Higashiwaki and Gregg H. Jessen},
  title = {Guest Editorial: The dawn of gallium oxide microelectronics},
  journal = {Applied Physics Letters},
  volume = {112},
  number = {6},
  pages = {060401},
  year = {2018}
}

@article{robertson2006highk,
  author = {John Robertson},
  title = {High dielectric constant oxides},
  journal = {Reports on Progress in Physics},
  volume = {69},
  number = {2},
  pages = {327--396},
  year = {2006}
}
